<?xml version="1.0" encoding="UTF-8"?><collection xmlns="http://www.loc.gov/MARC21/slim"><record><leader>00516nam--2200169-i-4500</leader><controlfield tag="001">000013781</controlfield><controlfield tag="002">20161230</controlfield><controlfield tag="005">20161230201030</controlfield><controlfield tag="008">060222s1000------------r-----000-0-rum-d</controlfield><datafield ind1=" " ind2=" " tag="040"><subfield code="a">IFIN-HH</subfield></datafield><datafield ind1=" " ind2=" " tag="041"><subfield code="a">rum</subfield></datafield><datafield ind1="1" ind2=" " tag="100"><subfield code="a">Stoenescu, Al., Buzdugan, Gh., Ripianu, A. Si Atanasiu, M</subfield></datafield><datafield ind1=" " ind2=" " tag="245"><subfield code="a">Culegere de probleme de mecanica teoretica</subfield><subfield code="c">Al Stoenescu ; Gh. Buzdugan ; A. Ripianu ; M. Atanasiu</subfield></datafield><datafield ind1=" " ind2=" " tag="260"><subfield code="a">Bucuresti, Editura Tehnica, 1958</subfield></datafield><datafield ind1=" " ind2=" " tag="300"><subfield code="a">488P</subfield></datafield><datafield ind1=" " ind2=" " tag="852"><subfield code="a">5175</subfield><subfield code="c">531</subfield></datafield><datafield ind1=" " ind2=" " tag="CAT"><subfield code="a">Sys</subfield><subfield code="c">20100528</subfield><subfield code="h">095604</subfield></datafield></record></collection>